
%SqueezeNet paper
@article{iandola2016squeezenet,
  title={SqueezeNet: AlexNet-level accuracy with 50x fewer parameters and $<$ 0.5{MB} model size},
  author={Iandola, Forrest N and Han, Song and Moskewicz, Matthew W and Ashraf, Khalid and Dally, William J and Keutzer, Kurt},
  journal={arXiv preprint arXiv:1602.07360},
  year={2016}
}

%Alexnet original paper
@inproceedings{krizhevsky2012imagenet,
  title={Imagenet classification with deep convolutional neural networks},
  author={Krizhevsky, Alex and Sutskever, Ilya and Hinton, Geoffrey E},
  booktitle={Advances in neural information processing systems},
  pages={1097--1105},
  year={2012}
}

%Convolutional Neural Network
@book{haykin1994neural,
  title={Neural networks},
  author={Haykin, Simon},
  volume={2},
  year={1994},
  publisher={Prentice hall New York}
}

% 1x1 convolutional neural network
@article{kim2016pvanet,
  title={Pvanet: Deep but lightweight neural networks for real-time object detection},
  author={Kim, Kye-Hyeon and Hong, Sanghoon and Roh, Byungseok and Cheon, Yeongjae and Park, Minje},
  journal={arXiv preprint arXiv:1608.08021},
  year={2016}
}
%Deep Compression paper
@article{han2015deep,
  title={Deep compression: Compressing deep neural networks with pruning, trained quantization and huffman coding},
  author={Han, Song and Mao, Huizi and Dally, William J},
  journal={arXiv preprint arXiv:1510.00149},
  year={2015}
}

%Deep Compression paper
@inproceedings{han2016deep,
  title={Deep compression and EIE: Efficient inference engine on compressed deep neural network.},
  author={Han, Song and Liu, Xingyu and Mao, Huizi and Pu, Jing and Pedram, Ardavan and Horowitz, Mark and Dally, Bill and others},
  booktitle={Hot Chips Symposium},
  pages={1--6},
  year={2016}
}
%Late downsampling
@inproceedings{he2015delving,
  title={Delving deep into rectifiers: Surpassing human-level performance on imagenet classification},
  author={He, Kaiming and Zhang, Xiangyu and Ren, Shaoqing and Sun, Jian},
  booktitle={Proceedings of the IEEE international conference on computer vision},
  pages={1026--1034},
  year={2015}
}

%Dropout paper
@article{srivastava2014dropout,
  title={Dropout: a simple way to prevent neural networks from overfitting},
  author={Srivastava, Nitish and Hinton, Geoffrey and Krizhevsky, Alex and Sutskever, Ilya and Salakhutdinov, Ruslan},
  journal={The Journal of Machine Learning Research},
  volume={15},
  number={1},
  pages={1929--1958},
  year={2014},
  publisher={JMLR. org}
}

%Learning rate paper
@article{mishkin2017systematic,
  title={Systematic evaluation of convolution neural network advances on the imagenet},
  author={Mishkin, Dmytro and Sergievskiy, Nikolay and Matas, Jiri},
  journal={Computer Vision and Image Understanding},
  volume={161},
  pages={11--19},
  year={2017},
  publisher={Elsevier}
}

%bypass paper
@inproceedings{huang2016deep,
  title={Deep networks with stochastic depth},
  author={Huang, Gao and Sun, Yu and Liu, Zhuang and Sedra, Daniel and Weinberger, Kilian Q},
  booktitle={European conference on computer vision},
  pages={646--661},
  year={2016},
  organization={Springer}
}

%Deep Learning textbook
@book{goodfellow2016deep,
  title={Deep learning},
  author={Goodfellow, Ian and Bengio, Yoshua and Courville, Aaron},
  year={2016},
  publisher={MIT press}
}
 %SqueezeNet pedestrain detection
 @inproceedings{verbickas2017squeezemap,
  title={SqueezeMap: fast pedestrian detection on a low-power automotive processor using efficient convolutional neural networks},
  author={Verbickas, Rytis and Laganiere, Robert and Laroche, Daniel and Zhu, Changyun and Xu, Xiaoyin and Ors, Ali},
  booktitle={Proceedings of the IEEE Conference on Computer Vision and Pattern Recognition Workshops},
  pages={146--154},
  year={2017}
}

%SqueezeNet Video classification
@inproceedings{nanfack2018squeeze,
  title={Squeeze-SegNet: a new fast deep convolutional neural network for semantic segmentation},
  author={Nanfack, Geraldin and Elhassouny, Azeddine and Thami, Rachid Oulad Haj},
  booktitle={Tenth International Conference on Machine Vision (ICMV 2017)},
  volume={10696},
  pages={106962O},
  year={2018},
  organization={International Society for Optics and Photonics}
}

%SqueezeNet medical imaging
@article{ahn2017compact,
  title={The compact 3D convolutional neural network for medical images},
  author={Ahn, Byung Bok},
  journal={Standford University},
  year={2017}
}

%2 medical imaging refs, since "ahn2017compact" is an undergraduate paper
@inproceedings{mohanraj2019hybrid,
  title={Hybrid Approach for Pixel-Wise Semantic Segmentation Using {S}egNet and {S}queezeNet for Embedded Platforms},
  author={Mohanraj, V and Guda, Ramachandra and Rao, JV Kameshwar},
  booktitle={First International Conference on Artificial Intelligence and Cognitive Computing},
  pages={155--163},
  year={2019},
  organization={Springer}
}

@article{betancourt2018automatic,
  title={Automatic Diagnosis of Rheumatoid Arthritis from Hand Radiographs using Convolutional Neural Networks},
  author={Betancourt-Hern{\'a}ndez, M and Viera-L{\'o}pez, G and Serrano-Mu{\~n}oz, A},
  journal={Revista Cubana de F{\'\i}sica},
  volume={35},
  number={1},
  pages={39--43},
  year={2018}
}



%SqueezeNet IoT
@article{motamedi2016fast,
  title={Fast and energy-efficient {CNN} inference on {IoT} devices},
  author={Motamedi, Mohammad and Fong, Daniel and Ghiasi, Soheil},
  journal={arXiv preprint arXiv:1611.07151},
  year={2016}
}

%Nature deep learning review article
@article{lecun2015deep,
  title={Deep learning},
  author={LeCun, Yann and Bengio, Yoshua and Hinton, Geoffrey},
  journal={nature},
  volume={521},
  number={7553},
  pages={436},
  year={2015},
  publisher={Nature Publishing Group}
}

%original ImageNet paper
@inproceedings{imagenet,
  title={ImageNet: A large-scale hierarchical image database},
  author={Deng, Jia and Dong, Wei and Socher, Richard and Li, Li-Jia and Li, Kai and Fei-Fei, Li},
  booktitle={CVPR09},
  year={2009}
}

%ImageNet variants
@article{imagenet_16_32_64,
  author    = {Patryk Chrabaszcz and
               Ilya Loshchilov and
               Frank Hutter},
  title     = {A Downsampled Variant of ImageNet as an Alternative to the {CIFAR}
               datasets},
  journal   = {CoRR},
  volume    = {abs/1707.08819},
  year      = {2017},
  url       = {http://arxiv.org/abs/1707.08819},
  archivePrefix = {arXiv},
  eprint    = {1707.08819},
  timestamp = {Mon, 13 Aug 2018 16:48:14 +0200},
  biburl    = {https://dblp.org/rec/bib/journals/corr/ChrabaszczLH17},
  bibsource = {dblp computer science bibliography, https://dblp.org}
}

% CIFAR-10
@techreport{CIFAR-10,
  title={Learning multiple layers of features from tiny images},
  author={Krizhevsky, Alex and Hinton, Geoffrey},
  year={2009},
  institution={Citeseer},
  note={Dataset downloaded from \url{https://www.cs.toronto.edu/~kriz/cifar.html}}
}

% CIFAR-100.. this duplicates the CIFAR-10 citation, so makes the same ref appear twice
% @techreport{CIFAR-100,
%   title={Learning multiple layers of features from tiny images},
%   author={Krizhevsky, Alex and Hinton, Geoffrey},
%   year={2009},
%   institution={Citeseer},
%   note={Dataset downloaded from \url{https://www.cs.toronto.edu/~kriz/cifar.html}}
% }

% CINIC-10
@article{CINIC-10,
  author    = {Luke Nicholas Darlow and
               Elliot J. Crowley and
               Antreas Antoniou and
               Amos J. Storkey},
  title     = {{CINIC-10} is not ImageNet or {CIFAR-10}},
  journal   = {CoRR},
  volume    = {abs/1810.03505},
  year      = {2018},
  url       = {http://arxiv.org/abs/1810.03505},
  archivePrefix = {arXiv},
  eprint    = {1810.03505},
  timestamp = {Tue, 30 Oct 2018 10:49:09 +0100},
  biburl    = {https://dblp.org/rec/bib/journals/corr/abs-1810-03505},
  bibsource = {dblp computer science bibliography, https://dblp.org}
}

%VGG paper
@article{vgg,
  title={Very deep convolutional networks for large-scale image recognition},
  author={Simonyan, Karen and Zisserman, Andrew},
  journal={arXiv preprint arXiv:1409.1556},
  year={2014}
}

%ResNet paper
@inproceedings{he2016deep,
  title={Deep residual learning for image recognition},
  author={He, Kaiming and Zhang, Xiangyu and Ren, Shaoqing and Sun, Jian},
  booktitle={Proceedings of the IEEE conference on computer vision and pattern recognition},
  pages={770--778},
  year={2016}
}

%GoogLeNet paper
@inproceedings{szegedy2015going,
  title={Going deeper with convolutions},
  author={Szegedy, Christian and Liu, Wei and Jia, Yangqing and Sermanet, Pierre and Reed, Scott and Anguelov, Dragomir and Erhan, Dumitru and Vanhoucke, Vincent and Rabinovich, Andrew},
  booktitle={Proceedings of the IEEE conference on computer vision and pattern recognition},
  pages={1--9},
  year={2015}
}

%another GoogLeNet paper ("Inception v2")
@article{ioffe2015batch,
  title={Batch normalization: Accelerating deep network training by reducing internal covariate shift},
  author={Ioffe, Sergey and Szegedy, Christian},
  journal={arXiv preprint arXiv:1502.03167},
  year={2015}
}

%CIFAR-10
% replaced wiki link with original CIFAR ref


% @misc{CIFAR-10,
%   howpublished = {\url{https://www.cs.toronto.edu/~kriz/cifar.html}},
%   note = {Accessed: 2019-04-12}
% }

%Inception v3
@inproceedings{szegedy2016rethinking,
  title={Rethinking the inception architecture for computer vision},
  author={Szegedy, Christian and Vanhoucke, Vincent and Ioffe, Sergey and Shlens, Jon and Wojna, Zbigniew},
  booktitle={Proceedings of the IEEE conference on computer vision and pattern recognition},
  pages={2818--2826},
  year={2016}
}

%Inception v4
@inproceedings{szegedy2017inception,
  title={Inception-v4, inception-resnet and the impact of residual connections on learning},
  author={Szegedy, Christian and Ioffe, Sergey and Vanhoucke, Vincent and Alemi, Alexander A},
  booktitle={Thirty-First AAAI Conference on Artificial Intelligence},
  year={2017}
}

% Network in Network paper
@article{lin2013network,
  title={Network in network},
  author={Lin, Min and Chen, Qiang and Yan, Shuicheng},
  journal={arXiv preprint arXiv:1312.4400},
  year={2013}
}

%perceptron paper
@article{rosenblatt1958perceptron,
  title={The perceptron: a probabilistic model for information storage and organization in the brain.},
  author={Rosenblatt, Frank},
  journal={Psychological review},
  volume={65},
  number={6},
  pages={386},
  year={1958},
  publisher={American Psychological Association}
}

%original MNIST paper
@article{lecun1998gradient,
  title={Gradient-based learning applied to document recognition},
  author={LeCun, Yann and Bottou, L{\'e}on and Bengio, Yoshua and Haffner, Patrick and others},
  journal={Proceedings of the IEEE},
  volume={86},
  number={11},
  pages={2278--2324},
  year={1998},
  publisher={Taipei, Taiwan}
}

% ImageNet32x32 and 64x64
@article{ImageNet32x32,
  author    = {Patryk Chrabaszcz and
               Ilya Loshchilov and
               Frank Hutter},
  title     = {A Downsampled Variant of ImageNet as an Alternative to the {CIFAR}
               datasets},
  journal   = {CoRR},
  volume    = {abs/1707.08819},
  year      = {2017},
  url       = {http://arxiv.org/abs/1707.08819},
  archivePrefix = {arXiv},
  eprint    = {1707.08819},
  timestamp = {Mon, 13 Aug 2018 16:48:14 +0200},
  biburl    = {https://dblp.org/rec/bib/journals/corr/ChrabaszczLH17},
  bibsource = {dblp computer science bibliography, https://dblp.org}
}


@inproceedings{arora2014provable,
  title={Provable bounds for learning some deep representations},
  author={Arora, Sanjeev and Bhaskara, Aditya and Ge, Rong and Ma, Tengyu},
  booktitle={International Conference on Machine Learning},
  pages={584--592},
  year={2014}
}

@article{bianco2018benchmark,
  title={Benchmark analysis of representative deep neural network architectures},
  author={Bianco, Simone and Cadene, Remi and Celona, Luigi and Napoletano, Paolo},
  journal={IEEE Access},
  volume={6},
  pages={64270--64277},
  year={2018},
  publisher={IEEE}
}



%Google  MnasNet
@article{tan2018mnasnet,
  title={Mnasnet: Platform-aware neural architecture search for mobile},
  author={Tan, Mingxing and Chen, Bo and Pang, Ruoming and Vasudevan, Vijay and Le, Quoc V},
  journal={arXiv preprint arXiv:1807.11626},
  year={2018}
}

%MobileNet
@article{howard2017mobilenets,
  title={Mobilenets: Efficient convolutional neural networks for mobile vision applications},
  author={Howard, Andrew G and Zhu, Menglong and Chen, Bo and Kalenichenko, Dmitry and Wang, Weijun and Weyand, Tobias and Andreetto, Marco and Adam, Hartwig},
  journal={arXiv preprint arXiv:1704.04861},
  year={2017}
}

%MobileNetv2
@inproceedings{sandler2018mobilenetv2,
  title={Mobilenetv2: Inverted residuals and linear bottlenecks},
  author={Sandler, Mark and Howard, Andrew and Zhu, Menglong and Zhmoginov, Andrey and Chen, Liang-Chieh},
  booktitle={Proceedings of the IEEE Conference on Computer Vision and Pattern Recognition},
  pages={4510--4520},
  year={2018}
}

%ShuffleNet
@inproceedings{zhang2018shufflenet,
  title={Shufflenet: An extremely efficient convolutional neural network for mobile devices},
  author={Zhang, Xiangyu and Zhou, Xinyu and Lin, Mengxiao and Sun, Jian},
  booktitle={Proceedings of the IEEE Conference on Computer Vision and Pattern Recognition},
  pages={6848--6856},
  year={2018}
}

%Condensenet
@inproceedings{huang2018condensenet,
  title={Condensenet: An efficient densenet using learned group convolutions},
  author={Huang, Gao and Liu, Shichen and Van der Maaten, Laurens and Weinberger, Kilian Q},
  booktitle={Proceedings of the IEEE Conference on Computer Vision and Pattern Recognition},
  pages={2752--2761},
  year={2018}
}

%ResNet
@article{resnet,
  author    = {Kaiming He and
               Xiangyu Zhang and
               Shaoqing Ren and
               Jian Sun},
  title     = {Deep Residual Learning for Image Recognition},
  journal   = {CoRR},
  volume    = {abs/1512.03385},
  year      = {2015},
  url       = {http://arxiv.org/abs/1512.03385},
  archivePrefix = {arXiv},
  eprint    = {1512.03385},
  timestamp = {Wed, 17 Apr 2019 17:23:45 +0200},
  biburl    = {https://dblp.org/rec/bib/journals/corr/HeZRS15},
  bibsource = {dblp computer science bibliography, https://dblp.org}
}

% ILSVRC14
@article{ILSVRC14,
Author = {Olga Russakovsky and Jia Deng and Hao Su and Jonathan Krause and Sanjeev Satheesh and Sean Ma and Zhiheng Huang and Andrej Karpathy and Aditya Khosla and Michael Bernstein and Alexander C. Berg and Li Fei-Fei},
Title = {{ImageNet Large Scale Visual Recognition Challenge}},
Year = {2015},
journal   = {International Journal of Computer Vision (IJCV)},
doi = {10.1007/s11263-015-0816-y},
volume={115},
number={3},
pages={211-252}
}

% Python 3
@book{python3,
 author = {Van Rossum, Guido and Drake, Fred L.},
 title = {Python 3 Reference Manual},
 year = {2009},
 isbn = {1441412697, 9781441412690},
 publisher = {CreateSpace},
 address = {Paramount, CA},
} 

% Numpy
@book{numpy,
 author = {Oliphant, Travis E.},
 title = {Guide to NumPy},
 year = {2015},
 isbn = {151730007X, 9781517300074},
 edition = {2nd},
 publisher = {CreateSpace Independent Publishing Platform},
 address = {USA},
}

% PyTorch
@inproceedings{pytorch,
  title={Automatic differentiation in PyTorch},
  author={Paszke, Adam and Gross, Sam and Chintala, Soumith and Chanan, Gregory and Yang, Edward and DeVito, Zachary and Lin, Zeming and Desmaison, Alban and Antiga, Luca and Lerer, Adam},
  booktitle={NIPS-W},
  year={2017}
}

% Torchvision
@inproceedings{torchvision,
 author = {Marcel, S{\'e}bastien and Rodriguez, Yann},
 title = {Torchvision the Machine-vision Package of Torch},
 booktitle = {Proceedings of the 18th ACM International Conference on Multimedia},
 series = {MM '10},
 year = {2010},
 isbn = {978-1-60558-933-6},
 location = {Firenze, Italy},
 pages = {1485--1488},
 numpages = {4},
 url = {http://doi.acm.org/10.1145/1873951.1874254},
 doi = {10.1145/1873951.1874254},
 acmid = {1874254},
 publisher = {ACM},
 address = {New York, NY, USA},
 keywords = {face detection and recognition, machine learning, open source, pattern recognition, vision},
} 

% Colaboratory
@misc{colab,
title={{Google Colaboratory}},
howpublished={\url{https://colab.research.google.com}}
}

%optim
@misc{optim,
title={{torch.optim}},
howpublished={\url{https://pytorch.org/docs/stable/optim.html}}
}



% SciPy
@Misc{scipy,
  author =    {Eric Jones and Travis Oliphant and Pearu Peterson and others},
  title =     {{SciPy}: Open source scientific tools for {Python}},
  year =      {2001--},
  url = "http://www.scipy.org/",
  note = {[Online; accessed 2019-04-17]}
}

% Matplotlib
@ARTICLE{Matplotlib, 
author={J. D. {Hunter}}, 
journal={Computing in Science Engineering}, 
title={Matplotlib: A 2D Graphics Environment}, 
year={2007}, 
volume={9}, 
number={3}, 
pages={90-95}, 
keywords={computer graphics;mathematics computing;object-oriented programming;software packages;Matplotlib;2D graphics package;Python;application development;interactive scripting;publication-quality image generation;user interface;operating system;Graphics;Interpolation;Equations;Graphical user interfaces;Packaging;Image generation;User interfaces;Operating systems;Computer languages;Programming profession;Python;scripting languages;application development;scientific programming}, 
doi={10.1109/MCSE.2007.55}, 
ISSN={1521-9615}, 
month={May},}

% SqueezeNet 1.1?
@misc{squeezenet_1_1_maybe,
  author = {Wolfram Neural Net Repository},
  title = {{SqueezeNet V1.1} Trained on ImageNet Competition Data},
  year = 2017,
  howpublished = {\url{https://resources.wolframcloud.com/NeuralNetRepository/resources/SqueezeNet-V1.1-Trained-on-ImageNet-Competition-Data}},
  note = {Accessed: 2019-04-17}
}

% SqueezeNext
@article{SqueezeNext,
  author    = {Amir Gholami and
               Kiseok Kwon and
               Bichen Wu and
               Zizheng Tai and
               Xiangyu Yue and
               Peter H. Jin and
               Sicheng Zhao and
               Kurt Keutzer},
  title     = {{SqueezeNext}: Hardware-Aware Neural Network Design},
  journal   = {CoRR},
  volume    = {abs/1803.10615},
  year      = {2018},
  url       = {http://arxiv.org/abs/1803.10615},
  archivePrefix = {arXiv},
  eprint    = {1803.10615},
  timestamp = {Mon, 13 Aug 2018 16:46:45 +0200},
  biburl    = {https://dblp.org/rec/bib/journals/corr/abs-1803-10615},
  bibsource = {dblp computer science bibliography, https://dblp.org}
}


%random stats book
@book{crowder2017analysis,
  title={Analysis of repeated measures},
  author={Crowder, MartinJ},
  year={2017},
  publisher={Routledge}
}

% Paper about BatchNorm; results are similar to what we found.
@article{UnderstandingBatchNorm,
  author    = {Johan Bjorck and
               Carla P. Gomes and
               Bart Selman},
  title     = {Understanding Batch Normalization},
  journal   = {CoRR},
  volume    = {abs/1806.02375},
  year      = {2018},
  url       = {http://arxiv.org/abs/1806.02375},
  archivePrefix = {arXiv},
  eprint    = {1806.02375},
  timestamp = {Mon, 13 Aug 2018 16:46:58 +0200},
  biburl    = {https://dblp.org/rec/bib/journals/corr/abs-1806-02375},
  bibsource = {dblp computer science bibliography, https://dblp.org}
}


@article{hinton2006fast,
  title={A fast learning algorithm for deep belief nets},
  author={Hinton, Geoffrey E and Osindero, Simon and Teh, Yee-Whye},
  journal={Neural computation},
  volume={18},
  number={7},
  pages={1527--1554},
  year={2006},
  publisher={MIT Press}
}
@inproceedings{bengio2007greedy,
  title={Greedy layer-wise training of deep networks},
  author={Bengio, Yoshua and Lamblin, Pascal and Popovici, Dan and Larochelle, Hugo},
  booktitle={Advances in neural information processing systems},
  pages={153--160},
  year={2007}
}
@inproceedings{poultney2007efficient,
  title={Efficient learning of sparse representations with an energy-based model},
  author={Poultney, Christopher and Chopra, Sumit and Cun, Yann L and others},
  booktitle={Advances in neural information processing systems},
  pages={1137--1144},
  year={2007}
}






%%%%% Assorted refs from third assignment

@article{barry2018evaluation,
  title={An Evaluation of Training Size Impact on Validation Accuracy for Optimized Convolutional Neural Networks},
  author={Barry-Straume, Jostein and Tschannen, Adam and Engels, Daniel W and Fine, Edward},
  journal={SMU Data Science Review},
  volume={1},
  number={4},
  pages={12},
  year={2018}
}

@article{lecun-mnisthandwrittendigit-2010,
  added-at = {2010-06-28T21:16:30.000+0200},
  author = {LeCun, Yann and Cortes, Corinna},
  biburl = {https://www.bibsonomy.org/bibtex/2935bad99fa1f65e03c25b315aa3c1032/mhwombat},
  groups = {public},
  howpublished = {http://yann.lecun.com/exdb/mnist/},
  interhash = {21b9d0558bd66279df9452562df6e6f3},
  intrahash = {935bad99fa1f65e03c25b315aa3c1032},
  keywords = {MSc _checked character_recognition mnist network neural},
  lastchecked = {2019-02-26 14:24:11},
  timestamp = {2016-07-12T19:25:30.000+0200},
  title = {{MNIST} handwritten digit database},
  url = {http://yann.lecun.com/exdb/mnist/},
  username = {mhwombat},
  year = 2010
}

@inproceedings{simard2003best,
  title={Best practices for convolutional neural networks applied to visual document analysis},
  author={Simard, Patrice Y and Steinkraus, Dave and Platt, John C},
  booktitle={null},
  pages={958},
  year={2003},
  organization={IEEE}
}

@article{Ciresan2012MulticolumnDN,
  title={Multi-column deep neural networks for image classification},
  author={Dan C. Ciresan and Ueli Meier and J{\"u}rgen Schmidhuber},
  journal={2012 IEEE Conference on Computer Vision and Pattern Recognition},
  year={2012},
  pages={3642-3649}
}

@article{huh2016makes,
  title={What makes ImageNet good for transfer learning?},
  author={Huh, Minyoung and Agrawal, Pulkit and Efros, Alexei A},
  journal={arXiv preprint arXiv:1608.08614},
  year={2016}
}

@article{pan2010survey,
  title={A survey on transfer learning},
  author={Pan, Sinno Jialin and Yang, Qiang},
  journal={IEEE Transactions on knowledge and data engineering},
  volume={22},
  number={10},
  pages={1345--1359},
  year={2010},
  publisher={IEEE}
}

@article{mateen2019fundus,
  title={Fundus Image Classification Using VGG-19 Architecture with PCA and SVD},
  author={Mateen, Muhammad and Wen, Junhao and Song, Sun and Huang, Zhouping and others},
  journal={Symmetry},
  volume={11},
  number={1},
  pages={1},
  year={2019},
  publisher={Multidisciplinary Digital Publishing Institute}
}

@inproceedings{ng2015deep,
  title={Deep learning for emotion recognition on small datasets using transfer learning},
  author={Ng, Hong-Wei and Nguyen, Viet Dung and Vonikakis, Vassilios and Winkler, Stefan},
  booktitle={Proceedings of the 2015 ACM on international conference on multimodal interaction},
  pages={443--449},
  year={2015},
  organization={ACM}
}

@inproceedings{hentschel2016fine,
  title={Fine tuning CNNS with scarce training data?Adapting ImageNet to art epoch classification},
  author={Hentschel, Christian and Wiradarma, Timur Pratama and Sack, Harald},
  booktitle={2016 IEEE International Conference on Image Processing (ICIP)},
  pages={3693--3697},
  year={2016},
  organization={IEEE}
}

@inproceedings{carneiro2015unregistered,
  title={Unregistered multiview mammogram analysis with pre-trained deep learning models},
  author={Carneiro, Gustavo and Nascimento, Jacinto and Bradley, Andrew P},
  booktitle={International Conference on Medical Image Computing and Computer-Assisted Intervention},
  pages={652--660},
  year={2015},
  organization={Springer}
}

@inproceedings{bayramoglu2016transfer,
  title={Transfer learning for cell nuclei classification in histopathology images},
  author={Bayramoglu, Neslihan and Heikkil{\"a}, Janne},
  booktitle={European Conference on Computer Vision},
  pages={532--539},
  year={2016},
  organization={Springer}
}

@article{perez2017effectiveness,
  title={The effectiveness of data augmentation in image classification using deep learning},
  author={Perez, Luis and Wang, Jason},
  journal={arXiv preprint arXiv:1712.04621},
  year={2017}
}

@article{ching2018opportunities,
  title={Opportunities and obstacles for deep learning in biology and medicine},
  author={Ching, Travers and Himmelstein, Daniel S and Beaulieu-Jones, Brett K and Kalinin, Alexandr A and Do, Brian T and Way, Gregory P and Ferrero, Enrico and Agapow, Paul-Michael and Zietz, Michael and Hoffman, Michael M and others},
  journal={Journal of The Royal Society Interface},
  volume={15},
  number={141},
  pages={20170387},
  year={2018},
  publisher={The Royal Society}
}